@article{kalnay1996ncep,
  title={The NCEP/NCAR 40-year reanalysis project},
  author={Kalnay, Eugenia and Kanamitsu, Masao and Kistler, Robert and Collins, William and Deaven, Dennis and Gandin, Lev and Iredell, Mark and Saha, Suranjana and White, Glenn and Woollen, John and others},
  journal={Bulletin of the American meteorological Society},
  volume={77},
  number={3},
  pages={437--472},
  year={1996},
  publisher={American Meteorological Society}
}

@book{hydrostatic_equilibrium,
	title={Fluid Mechanics},
	subtitle={Pressure Distribution In A Fluid, pp. 63-107},
	author={Frank M., White},
	year={2007},
	publisher={McGraw-Hill}
}

@article{national1990msis,
  title={MSIS-E-90 atmosphere model},
  author={National Space Science Data Center},
  year={1990}
}

@phdthesis{phdthesis,
author = {Kapsch, Marie},
year = {2015},
month = {10},
pages = {},
title = {The atmospheric contribution to Arctic sea-ice variability},
chapter = {Section 3.1},
doi = {10.13140/RG.2.1.2335.6567}
}

@article{hatzianastassiou2007direct,
  title={The direct effect of aerosols on solar radiation based on satellite observations, reanalysis datasets, and spectral aerosol optical properties from Global Aerosol Data Set (GADS)},
  author={Hatzianastassiou, N and Matsoukas, C and Drakakis, E and Stackhouse Jr, PW and Koepke, P and Fotiadi, A and Pavlakis, KG and Vardavas, I},
  year={2007}
}